@book{ApunteDelCurso,
  title={{\bf Organización de Datos, Apunte del Curso}},
  author={Luis, ARGERICH}
}

@inbook{RandomForest,
    title = {{\bf Random Forest}},
    author={Leo, Breiman},
    publisher = {Statics Department University of California Berkeley},
    year = {2001},
    month = {Enero}
}

    % url = {https://www.stat.berkeley.edu/~breiman/randomforest2001.pdf},

@inbook{DataCamp,
    title = {{\bf Python tutorial on machine learning - DataCamp}},
    % howpublished = {\\ Disponible en:},
    % url = {https://campus.datacamp.com/courses/kaggle-python-tutorial-on-machine-learning}
}



@inbook{RforDataScience,
  title={\bf R for Data Science},
  chapter={{\bf Tidy Data}},
  author={Garret GROLEMUND & Hadley WICKHAM},
  year = {2017},
  publisher={O’Reilly}
}
